@article{Lovato:2023khk,
    author = "Lovato, Alessandro and Rocco, Noemi and Steinberg, Noah",
    title = "{One and Two-Body Current Contributions to Lepton-Nucleus Scattering}",
    eprint = "2312.12545",
    archivePrefix = "arXiv",
    primaryClass = "nucl-th",
    reportNumber = "FERMILAB-PUB-23-458-CSAID-ND-T",
    month = "12",
    year = "2023"
}
